<record xmlns:xsi="http://www.w3.org/2001/XMLSchema-instance" xmlns="http://www.loc.gov/MARC21/slim" xsi:schemaLocation="http://www.loc.gov/MARC21/slim http://www.loc.gov/standards/marcxml/schema/MARC21slim.xsd">

  <leader>00961nam a2200205Ia 4500</leader>
  <datafield ind1=" " ind2=" " tag="999">
    <subfield code="c">922</subfield>
    <subfield code="d">922</subfield>
  </datafield>
  <controlfield tag="008">170712b2005    cr a|||| |||| 00| u spa d</controlfield>
  <datafield tag="020" ind2=" " ind1=" ">
    <subfield code="a">9968993956</subfield>
  </datafield>
  <datafield ind1=" " tag="090" ind2=" ">
    <subfield code="a">06.05.04 </subfield>
    <subfield code="b">1184</subfield>
  </datafield>
  <datafield tag="100" ind2=" " ind1="1">
    <subfield code="9">715</subfield>
    <subfield code="a">Cordero Cordero, Teresita </subfield>
  </datafield>
  <datafield ind1="1" tag="245" ind2="3">
    <subfield code="a">El arte de descubrir las habilidades y destrezas en los niños y niñas / </subfield>
    <subfield code="c">Teresita Cordero Cordero</subfield>
  </datafield>
  <datafield tag="260" ind2=" " ind1=" ">
    <subfield code="a">San José, Costa Rica : </subfield>
    <subfield code="b">INIE, </subfield>
    <subfield code="c">2005</subfield>
  </datafield>
  <datafield ind1=" " ind2=" " tag="300">
    <subfield code="a">28 páginas;</subfield>
    <subfield code="b">ilustraciones</subfield>
  </datafield>
  <datafield ind1=" " tag="490" ind2=" ">
    <subfield code="a">Secretos de la educación de las madres-maestras y padres-maestros,</subfield>
    <subfield code="v">3</subfield>
  </datafield>
  <datafield tag="500" ind2=" " ind1=" ">
    <subfield code="a">Vol.3</subfield>
  </datafield>
  <datafield ind2=" " tag="520" ind1=" ">
    <subfield code="a">La publicación de estas guías, tiene como propósito ofrecer a la comunidad nacional un material escrito para la atención integral de niñas y niños menores de seis años. Diversas investigaciones muestran que la atención integral de calidad durante la ni</subfield>
  </datafield>
  <datafield ind1="1" ind2="4" tag="650">
    <subfield code="a">DESARROLLO DEL NIÑO</subfield>
    <subfield code="9">723</subfield>
  </datafield>
  <datafield ind1="1" tag="650" ind2="4">
    <subfield code="a">PSICOLOGÍA DEL NIÑO</subfield>
    <subfield code="9">874</subfield>
  </datafield>
  <datafield ind1="1" tag="650" ind2="4">
    <subfield code="a">RELACIONES HUMANAS</subfield>
    <subfield code="9">1874</subfield>
  </datafield>
  <datafield ind1=" " ind2=" " tag="942">
    <subfield code="2">z</subfield>
    <subfield code="c">01</subfield>
  </datafield>
</record>